% @manual{ABNT:NBR-10520-2002,
% 	title="{NBR}-10520: Informação e Documentação - Apresentação de citações em documentos",
% 	author="ABNT",
% 	organization="ASSOCIAÇÃO BRASILEIRA DE NORMAS TÉCNICAS",
% 	address="Rio de Janeiro",
% 	year="2002",
% 	pages="4"
% }

% @manual{ABNT:NBR-14724-2002,
% 	title="{NBR}-14724: Informação e Documentação - Trabalhos Acadêmicos - Apresentação",
% 	author="ABNT",
% 	organization="ASSOCIAÇÃO BRASILEIRA DE NORMAS TÉCNICAS",
% 	address="Rio de Janeiro",
% 	year="2002",
% 	pages="6"
% }

% @manual{ABNT:NBR-14724-2011,
% 	title="{NBR}-14724: Informação e Documentação - Trabalhos Acadêmicos - Apresentação",
% 	author="ABNT",
% 	organization="ASSOCIAÇÃO BRASILEIRA DE NORMAS TÉCNICAS",
% 	address="Rio de Janeiro",
% 	year="2011",
% 	pages="6"
% }


% @manual{ABNT:NBR-6023-2002,
% 	title="{NBR}-6023: Informação e Documentação - Referências - Elaboração",
% 	author="ABNT",
% 	organization="ASSOCIAÇÃO BRASILEIRA DE NORMAS TÉCNICAS",
% 	address="Rio de Janeiro",
% 	year="2002",
% 	pages="22"
% }

% @manual{ABNT:NBR-6024-2003,
% 	title="{NBR}-6024: Numeração Progressiva das seções de um documento - Procedimento",
% 	author="ABNT",
% 	organization="ASSOCIAÇÃO BRASILEIRA DE NORMAS TÉCNICAS",
% 	address="Rio de Janeiro",
% 	year="2003"
% }

% @manual{ABNT:NBR-6027-2003,
% 	title="{NBR}-6027: Informação e documentação - Sumário - Apresentação",
% 	author="ABNT",
% 	organization="ASSOCIAÇÃO BRASILEIRA DE NORMAS TÉCNICAS",
% 	address="Rio de Janeiro",
% 	year="2003"
% }

% @manual{ABNT:NBR-6028-2003,
% 	title="{NBR}-6028: Informação e documentação - Resumo - Apresentação",
% 	author="ABNT",
% 	organization="ASSOCIAÇÃO BRASILEIRA DE NORMAS TÉCNICAS",
% 	address="Rio de Janeiro",
% 	year="2003"
% }

% @manual{ABNT:NBR-6034-2004,
% 	title="{NBR}-6034: Informação e documentação - Índice - Apresentação",
% 	author="ABNT",
% 	organization="ASSOCIAÇÃO BRASILEIRA DE NORMAS TÉCNICAS",
% 	address="Rio de Janeiro",
% 	year="2004"
% }

% @manual{IBGE:tabular-1993,
% 	title="Normas de apresentação tabular / IBGE, Centro de Documentação e Disseminação de Informações",
% 	author="IBGE",
% 	organization="Instituo Brasileiro de Geografia e Estatística",
% 	address="Rio de Janeiro",
% 	year="1993",
% 	pages="61",
% 	ISBN="8524004711"
% }

% @manual{ALB:CCA-1985,
% 	organization="AMERICAN LIBRARY ASSOCIATION",
% 	title="Código de Catalogação Anglo Americano",
% 	edition="2. ed.",
% 	address="São Paulo",
% 	publisher="FEBAB",
% 	year="1983 - 1985",
% 	note="2 v."
% }

% @inproceedings{Baturone:DCIS1996-231,
% 	author="Baturone, I. and others",
% 	title="Supply Current Monitoring for Testing {CMOS} Analog Circuits",
% 	booktitle="Proceedings of the 11th CONFERENCE ON DESIGN OF CIRCUITS AND INTEGRATED SYSTEMS (DCIS)",
% 	year="1996",
% 	pages="231-236"
% }

% @inproceedings{Bilstrup:FCS-239,
% 	author="Bilstrup, U. and Wiberg, P.",
% 	title="Bluetooth in Industrial Environment",
% 	booktitle="Proceedings of the 11th {IEEE} INTERNATIONAL WORKSHOP ON FACTORY COMMUNICATION SYSTEMS",
% 	address="Porto, Portugal",
% 	year="2000",
% 	pages="239-246"
% }

% @phdthesis{Brito:IEE-1994,
% 	author="Renato Machado de Brito",
% 	title="Instrumentação Eletro-Eletrônica para Medição Direta de Torque em Sistemas Girantes Utilizando Extensômetros de Resistência Elétrica",
% 	year="1994",
% 	pages="145",
% 	type="Tese (Doutorado em engenharia)",
% 	school="Programa de Pós-Graduação em Engenharia Mecânica e Materiais, Universidade Federal do Rio Grande do Sul",
% 	address="Porto Alegre"
% }

% @article{Cota:TIM-49-2,
% 	author="Erica Cota and others",
% 	title="A New Adaptive Analog Test and Diagnosis System",
% 	journal="{IEEE} Transactions on Instrumentation and Measurement",
% 	address="Piscataway, {NJ}",
% 	volume="49",
% 	number="2",
% 	pages="223-227",
% 	month="4",
% 	year="2000"
% }

% @inbook{Deller:MSP-1993,
% 	author="Deller, JR, J. R. and  Proakis, J. G. and Hansen, J. H. L.",
% 	chapter="Modeling Speech Production",
% 	title="Discrete-Time Processing of Speech Signals",
% 	address="New York",
% 	publisher="Macmillian",
% 	year="1993",
% 	pages="151-221",
% 	ISBN="0-02-328301-7"
% }

% @book{Fitzgerald:EM-1990,
% 	author="Fitzgerald, A. E. and others",
% 	title="Electric Machinery",
% 	address="New York",
% 	publisher="Mcgraw-Hill",
% 	year="1990",
% 	pages="599",
% 	ISBN="0-07-021134-5"
% }

% @inbook{Garg:SMA-2000,
% 	author="Garg, R. and others",
% 	chapter="Substrates for Microstrip Antennas",
% 	title="Microstrip Antenna Design Handbook",
% 	address="London",
% 	publisher="Artech House",
% 	year="2000",
% 	pages="761-762",
% 	ISBN="0-89006-513-6"
% }

% @inproceedings{Husemann:CBA2002-2780,
% 	author="Husemann, R. and  Pereira, C. E. and Schmidt, R. L.",
% 	title="Sistema Monitorador para Aplicações Baseadas em Comunicação por Barramentos Industriais",
% 	booktitle="Anais do 14 CONGRESSO BRASILEIRO DE AUTOMÁTICA",
% 	year="2002",
% 	address="Natal, {RN}",
% 	pages="2780-2785"
% }

% @manual{MATHWORKS:MFW-5,
% 	title="MATHWORKS Matlab for Windows, version 5: tutorial of optimization toolbox, version 2.2",
% 	organization="The MathWorks Inc.",
% 	year="2001"
% }

% @inproceedings{Pereira:OORT1999-133,
% 	author="Pereira, C. E. and others",
% 	title="Quantitative Evaluation of Distributed Object-Oriented Programming Environments for Real-Time Applications",
% 	booktitle="Proceedings of the 2nd INTERNATIONAL SYMPOSIUM ON OBJECT-ORIENTED REAL-TIME DISTRIBUTED COMPUTING",
% 	year="1999",
% 	address="Saint Malo, France",
% 	pages="133-138"
% }

% @inproceedings{Pereira:OORT1999-155,
% 	author="Pereira, C. E. and others",
% 	title="Quantitative Evaluation of Distributed Object-Oriented Programming Environments for Real-Time Applications",
% 	booktitle="Proceedings of the 2nd INTERNATIONAL SYMPOSIUM ON OBJECT-ORIENTED REAL-TIME DISTRIBUTED COMPUTING",
% 	year="1999",
% 	address="Saint Malo, France",
% 	pages="133-138",
% 	note="same ref, just for example"
% }

% @inproceedings{Pereira:RTP1999-9,
% 	author="Pereira, C. E. and  Wild, R.",
% 	title="Tool for Validating Timing Requirements of Industrial Application based on the Foundation Fieldbus Protocol",
% 	booktitle="Proceedings of the 24th WORKSHOP ON REAL-TIME PROGRAMMING",
% 	year="1999",
% 	address="Schloss Dagstuhl, Germany",
% 	pages="9-14",
% 	url={http://www.fernuni-hagen.de/IT/wtrp99/papers/paper-041.pdf},
% 	urldate={2001-03-05},
% }

% @patent{Flores-AP-1998,
% 	organization="UFRGS, Departamento de Engenharia Elétrica",
% 	address="Porto Alegre, {RS}",
% 	author="given=Ály Ferreira, family=Flores, suffix=Filho and Altamiro Amadeu Susin and Marilia Amaral da Silveira",
% 	title="Atuador Planar",
% 	number="BR n. PI 9900945-5",
% 	month="4",
% 	year="1998",
% 	type={patreq}
% }

% @manual{XILINX:SPAR-2000,
% 	organization="XILINX",
% 	title="Spartan and Spartan-XL Families Field Programmable Gate Arrays: Product Specification",
% 	year="2000",
% 	pages="82",
% 	url={http://direct.xilinx.com/bvdocs/publications/ds060.pdf},
% 	urldate={2002-09-18}
% }


% @manual{TIKZPGF:3.1,
% 	organization="Institut für Theoretische Informatik / Universität zu Lübeck",
% 	title="The TikZ and PGF Packages",
% 	author="Till Tantau and  Mark Wibrow and Christian Feuersänger",
% 	year="2020",
% 	pages="1318",
% 	url={http://mirrors.ctan.org/graphics/pgf/base/doc/pgfmanual.pdf},
% 	urldate={2020-02-03}
% }

% @manual{CIRCUITIKZ:1.0,
% 	organization=" Polytechnic University of Milan",
% 	title="CircuiTikZ",
% 	author="Massimo A. Redaelli  and  Stefan Lindner  and Stefan Erhardt and Romano Giannetti ",
% 	year="2020",
% 	pages="160",
% 	url={http://mirrors.ctan.org/graphics/pgf/contrib/circuitikz/doc/circuitikzmanual.pdf},
% 	urldate={2020-02-03}
% }

% NOVAS %

@online{ifood:num_entregas,
	author="iFood",
	title="Linha do tempo: conheça a história do iFood",
	month="04",
	year="2023",
	url={https://www.news.ifood.com.br/linha-do-tempo-historia-ifood/},
	urldate={2023-06-24}
}

@online{amazon:num_entregas,
	author="Amazon",
	title="Amazon Stats: Growth, sales, and more",
	month="03",
	year="2022",
	url={https://sell.amazon.com/blog/amazon-stats},
	urldate={2023-06-24}
}

@online{zipline:drone,
	author="Zipline",
	title="Zipline: Smart Fullfillment",
	url={https://www.flyzipline.com/smart-fulfillment},
	urldate={2023-06-25}
}

@online{amazon:drone,
	author="Amazon",
	title="Amazon Prime Air prepares for drone deliveries",
	month="06",
	year="2022",
	url={https://www.aboutamazon.com/news/transportation/amazon-prime-air-prepares-for-drone-deliveries},
	urldate={2023-06-25}
}

@online{ifood:drone,
	author="iFood",
	title="Entrega por drones: saiba tudo sobre esse serviço em ascensão",
	month="02",
	year="2022",
	url={https://www.news.ifood.com.br/entrega-por-drones-saiba-tudo-sobre-esse-servico-em-ascensao/},
	urldate={2023-06-25}
}

@book{classica:livro,
    author="Stephen T. Thornton and Jerry B. Marion",
    title="Dinâmica Clássica de Partículas e Sistemas",
    year="2012",
    pages="608",
    isbn="9788522109067"
}

@INPROCEEDINGS{controle:pid,
  author={Bao, Nengsheng and Ran, Xie and Wu, Zhanfu and Xue, Yanfen and Wang, Keyan},
  booktitle={2017 IEEE 2nd Information Technology, Networking, Electronic and Automation Control Conference (ITNEC)}, 
  title={Research on attitude controller of quadcopter based on cascade PID control algorithm}, 
  year={2017},
  volume={},
  number={},
  pages={1493-1497},
  doi={10.1109/ITNEC.2017.8285044}
}

@article{controle:state-feedback,
author = {Samir, Ahmed and Hammad, Abdallah and Hafez, Ashraf and Mansour, Hala},
year = {2017},
month = {06},
pages = {1-7},
title = {Quadcopter Trajectory Tracking Control using State-Feedback Control with Integral Action},
volume = {168},
journal = {International Journal of Computer Applications},
doi = {10.5120/ijca2017914539}
}

@article{controle:pid-aprendizado-maquina,
author = {Koch, William and Mancuso, Renato and West, Richard and Bestavros, Azer},
title = {Reinforcement Learning for UAV Attitude Control},
year = {2019},
issue_date = {April 2019},
publisher = {Association for Computing Machinery},
address = {New York, NY, USA},
volume = {3},
number = {2},
issn = {2378-962X},
url = {https://doi.org/10.1145/3301273},
doi = {10.1145/3301273},
abstract = {Autopilot systems are typically composed of an “inner loop” providing stability and control, whereas an “outer loop” is responsible for mission-level objectives, such as way-point navigation. Autopilot systems for unmanned aerial vehicles are predominately implemented using Proportional-Integral-Derivative (PID) control systems, which have demonstrated exceptional performance in stable environments. However, more sophisticated control is required to operate in unpredictable and harsh environments. Intelligent flight control systems is an active area of research addressing limitations of PID control most recently through the use of reinforcement learning (RL), which has had success in other applications, such as robotics. Yet previous work has focused primarily on using RL at the mission-level controller. In this work, we investigate the performance and accuracy of the inner control loop providing attitude control when using intelligent flight control systems trained with state-of-the-art RL algorithms—Deep Deterministic Policy Gradient, Trust Region Policy Optimization, and Proximal Policy Optimization. To investigate these unknowns, we first developed an open source high-fidelity simulation environment to train a flight controller attitude control of a quadrotor through RL. We then used our environment to compare their performance to that of a PID controller to identify if using RL is appropriate in high-precision, time-critical flight control.},
journal = {ACM Trans. Cyber-Phys. Syst.},
month = {feb},
articleno = {22},
numpages = {21},
keywords = {machine learning, intelligent control, Attitude control, reinforcement learning, quadcopter, UAV, PID, autopilot, adaptive control}
}

@INPROCEEDINGS{controle:pid_modelagem_basica,

  author={Fernando, H. C. T. E. and De Silva, A. T. A. and De Zoysa, M. D. C. and Dilshan, K. A. D. C. and Munasinghe, S. R.},

  booktitle={2013 IEEE 8th International Conference on Industrial and Information Systems}, 

  title={Modelling, simulation and implementation of a quadrotor UAV}, 

  year={2013},

  volume={},

  number={},

  pages={207-212},

  doi={10.1109/ICIInfS.2013.6731982}}

@book{robotica,
   title =     {Introduction to robotics : mechanics and control},
   author =    {Craig, John J.},
   publisher = {Pearson Higher Education},
   isbn =      {9781292040042; 1292040041},
   year =      {2014},
   edition =   {3rd international ed.},
   url =       {libgen.li/file.php?md5=a68ae21d06c80f1ff8ad0251f6d113e0}}

@techreport{intro:1,
  title={International commercial drone regulation and drone delivery services},
  author={Jones, Therese},
  year={2017},
  institution={RAND Santa Monica, CA, USA}
}

@INPROCEEDINGS{intro:2,

  author={Gatteschi, Valentina and Lamberti, Fabrizio and Paravati, Gianluca and Sanna, Andrea and Demartini, Claudio and Lisanti, Alberto and Venezia, Giorgio},

  booktitle={2015 IEEE 39th Annual Computer Software and Applications Conference}, 

  title={New Frontiers of Delivery Services Using Drones: A Prototype System Exploiting a Quadcopter for Autonomous Drug Shipments}, 

  year={2015},

  volume={2},

  number={},

  pages={920-927},

  doi={10.1109/COMPSAC.2015.52}}

@article{configuracoes,
  author={Niemiec, Robert and Gandhi, Farhan},

  title={A Comparison Between Quadrotor Flight Configurations}, 

  year={2016}}

@article{rotor-quad,
author = {Fan, Yourong and Wang, Xinhua and Hu, Zhe and Zhang, Kai},
year = {2022},
month = {01},
pages = {01022},
title = {Nonlinear modeling and transition corridor calculation of a tiltrotor without cyclic pitch},
volume = {355},
journal = {MATEC Web of Conferences},
doi = {10.1051/matecconf/202235501022}
}

@article{componentes,
author = {Falorca, Jorge and Miraldes, João and Lanzinha, João},
year = {2021},
month = {05},
pages = {734-743},
title = {New trends in visual inspection of buildings and structures: Study for the use of drones},
volume = {11},
journal = {Open Engineering},
doi = {10.1515/eng-2021-0071}
}

@online{dji,
  author = {DJI},
  title = {DJI},
  year = 2020,
  url = {https://www.dji.com/br},
  urldate = {2023-08-02}
}

@INPROCEEDINGS{justificativa_inercia,
	
	author={Wang, Pengcheng and Man, Zhihong and Cao, Zhenwei and Zheng, Jinchuan and Zhao, Yong},
	
	booktitle={2016 International Conference on Advanced Mechatronic Systems (ICAMechS)}, 
	
	title={Dynamics modelling and linear control of quadcopter}, 
	
	year={2016},
	
	volume={},
	
	number={},
	
	pages={498-503},
	
	keywords={Mathematical model;PI control;PD control;Aerodynamics;Attitude control;Vehicle dynamics;Heuristic algorithms;quadcopter;cascade PID;Newton-Euler method;dynamics},
	
	doi={10.1109/ICAMechS.2016.7813499}}

@book{hibbeler2011engineering,
	title={Engineering Mechanics: Dynamics},
	author={Hibbeler, R.C.},
	isbn={9780133002386},
	url={https://books.google.com.br/books?id=mTIrAAAAQBAJ},
	year={2011},
	publisher={Pearson Education}
}

@book{fundamentals_aerodynamics,
	title =     {Fundamentals of Aerodynamics},
	author =    {John D. Anderson Jr.},
	publisher = {McGraw-Hill Science/Engineering/Math},
	isbn =      {0073398101; 9780073398105},
	year =      {2010},
	edition =   {5}
}

@INPROCEEDINGS{esc_ref,
	
	author={Shin, Young Tae and Teh, Ying-Khai},
	
	booktitle={2018 IEEE 8th Annual Computing and Communication Workshop and Conference (CCWC)}, 
	
	title={Design analysis and considerations of power efficient electronic speed controller for small-scale quadcopter unmanned aerial vehicle}, 
	
	year={2018},
	
	volume={},
	
	number={},
	
	pages={773-776},
	
	keywords={Drones;Silicon carbide;Gallium nitride;Field effect transistors;Power transistors;Batteries;Regulators;UAV;electronic speed controller;Si IGBT;SiC;GaN},
	
	doi={10.1109/CCWC.2018.8301770}
}


@article{popoola2015modelling,
	title={Modelling and Simulation of ArmatureControlled Direct Current Motor using MATLAB},
	author={Popoola, Jide Julius and Oladejo, Oladele Joshua and Odeyemi, Charity Segun},
	journal={Recuperado de http://www. internationaljournalssrg. org/IJEEE/2015/Volume2-Issue3/IJEEE-V2I3P105. pdf},
	year={2015}
}

@article{muzar2016experimental,
	title={Experimental characterization of brushless dc motors and propellers for flight application},
	author={Muzar, Dominic and Lanteigne, Eric},
	year={2016}
}

@article{imagem_referenciais,
	author = {Hashim, Hashim and Brown, Lyndon and McIsaac, Kenneth},
	year = {2019},
	month = {01},
	pages = {3731-3745},
	title = {Guaranteed Performance of Nonlinear Attitude Filters on the Special Orthogonal Group SO(3)},
	volume = {7},
	journal = {IEEE Access},
	doi = {10.1109/ACCESS.2018.2889612}
}

@book{jacobiana,
	title = {Dynamical Systems: Differential equations, maps and chaotic behaviour},
	author = {D. K. Arrowsmith BSc, PhD, C. M. Place BSc},
	publisher = {Springer Netherlands},
	year = {1992}
}

% FALTA CITAR

% https://doi.org/10.1016/j.jestch.2019.02.005
% https://d1wqtxts1xzle7.cloudfront.net/53671248/eluu11_public-libre.pdf?1498512910=&response-content-disposition=inline%3B+filename%3DModelling_and_control_of_quadcopter_Scho.pdf&Expires=1688874166&Signature=LtgqyG0SC7BGso1w~uaQNo67AebWqSXYZWS2IGifVxklMWO1-tRpac4VNejLrDD11oAe1NuuVsp0801Cj976WGxKFDVtCL5owjrIFk47nbDjOnWkttNq-Mau701q9bstXjl4w9ALnkGOHjquob3kEhKSIk5rzKVhxSRd0O~BWDv0Hq7mYJyAuFcMeLR~qH40p~wiq-KYXlRx94q4LrcsZkbIwMi0JuQQRvnJAQ4fSyKq4pyFIOU-9k4FOaCoGOhfeqkHyEIkXp0vyu7STmZP-z4db~RxxiOB7ROMtuzxBOmVI6XFlwNYfQIJ8WuQ54bU05D9ZTkuQjzIQVSCtWSswQ__&Key-Pair-Id=APKAJLOHF5GGSLRBV4ZA
% 